<record xmlns:xsi="http://www.w3.org/2001/XMLSchema-instance" xmlns="http://www.loc.gov/MARC21/slim" xsi:schemaLocation="http://www.loc.gov/MARC21/slim http://www.loc.gov/standards/marcxml/schema/MARC21slim.xsd">

  <leader>00737nam a22001937a 4500</leader>
  <controlfield tag="008">160426b2015    cr a|||| |||| 00| | spa d</controlfield>
  <datafield tag="090" ind1=" " ind2=" ">
    <subfield code="a">02.04.02</subfield>
    <subfield code="b">2315</subfield>
  </datafield>
  <datafield tag="100" ind1="1" ind2=" ">
    <subfield code="9">1117</subfield>
    <subfield code="a">Cabezas Pizarro, Hannia </subfield>
  </datafield>
  <datafield ind1="1" ind2="0" tag="245">
    <subfield code="a">Intervención en el manejo del acoso entre pares en la escuela costarricense /</subfield>
    <subfield code="c">Hannia Cabezas Pizarro, Ana Luisa Guzmán Hernández</subfield>
  </datafield>
  <datafield tag="260" ind2=" " ind1=" ">
    <subfield code="a">[San José, Costa Rica] :</subfield>
    <subfield code="b">INIE, </subfield>
    <subfield code="c">2015</subfield>
  </datafield>
  <datafield ind1=" " ind2=" " tag="300">
    <subfield code="a">73 páginas, 48 págians sin numerar;</subfield>
    <subfield code="b">ilustraciones</subfield>
  </datafield>
  <datafield ind1=" " ind2=" " tag="500">
    <subfield code="a">Informe finalproyecto de investigación Nº.724-B4-346</subfield>
  </datafield>
  <datafield ind1="1" ind2="4" tag="650">
    <subfield code="9">71</subfield>
    <subfield code="a">VIOLENCIA</subfield>
  </datafield>
  <datafield ind1="1" ind2="4" tag="650">
    <subfield code="9">1630</subfield>
    <subfield code="a">ACOSO</subfield>
  </datafield>
  <datafield ind2="4" ind1="1" tag="650">
    <subfield code="9">721</subfield>
    <subfield code="a">AGRESIÓN</subfield>
  </datafield>
  <datafield tag="650" ind1="1" ind2="4">
    <subfield code="9">1631</subfield>
    <subfield code="a">RELACIONES ENTRE PARES</subfield>
  </datafield>
  <datafield tag="700" ind2=" " ind1="1">
    <subfield code="9">1632</subfield>
    <subfield code="a">Guzmán Hernández, Ana Luisa</subfield>
  </datafield>
  <datafield ind2=" " ind1=" " tag="942">
    <subfield code="2">z</subfield>
    <subfield code="c">04</subfield>
  </datafield>
  <datafield tag="999" ind2=" " ind1=" ">
    <subfield code="c">3163</subfield>
    <subfield code="d">3163</subfield>
  </datafield>
</record>